<?xml version="1.0" encoding="UTF-8"?><collection xmlns="http://www.loc.gov/MARC21/slim"><record><leader>00499nam--2200181-i-4500</leader><controlfield tag="001">000045627</controlfield><controlfield tag="002">20161230</controlfield><controlfield tag="005">20170115232125</controlfield><controlfield tag="008">060222s1000------------r-----000-0-eng-d</controlfield><datafield ind1=" " ind2=" " tag="020"><subfield code="a">0471996262</subfield></datafield><datafield ind1=" " ind2=" " tag="040"><subfield code="a">IFIN-HH</subfield></datafield><datafield ind1=" " ind2=" " tag="080"><subfield code="a">538.9:548.5</subfield></datafield><datafield ind1="1" ind2=" " tag="100"><subfield code="a">Ubbelohde, A.R</subfield></datafield><datafield ind1="1" ind2="0" tag="245"><subfield code="a">The molten state of matter. Melting and crystal structure</subfield><subfield code="c">A.R. Ubbelohde</subfield></datafield><datafield ind1=" " ind2=" " tag="260"><subfield code="a">New York</subfield><subfield code="b">John Wiley &amp; Sons, Ltd</subfield><subfield code="c">1978</subfield></datafield><datafield ind1=" " ind2=" " tag="300"><subfield code="a">XIV + 454 p</subfield></datafield><datafield ind1=" " ind2=" " tag="852"><subfield code="a">46933</subfield><subfield code="c">539.2</subfield></datafield><datafield ind1=" " ind2=" " tag="CAT"><subfield code="a">SYS</subfield><subfield code="c">20170115</subfield><subfield code="h">232125</subfield></datafield></record></collection>